3858 5729
1041 473 1076 527 1
1103 467 1152 524 2
1568 429 1666 519 V
1666 418 2172 515 indicationes
2204 422 2629 516 Societatis
2666 422 2857 555 lest}

887 591 1174 654 omnes
1204 625 1233 671 ,
1261 585 1475 650 artes
1494 613 1523 659 ,
1551 563 1800 665 atque
1838 552 2679 642 instituta‘collineant
2700 609 2728 656 ‚
2780 555 2949 668 pro'
3000 555 3166 640 rius
3214 559 3551 645 tanen.-

885 679 1070 766 finis
1097 699 1241 762 aut
1266 675 1470 780 legis
1503 726 1529 770 ,
1549 689 1692 753 aut
1716 671 1941 769 artie,
1976 690 2116 754 aut
2136 667 2483 756 instituti
2504 669 2810 754 dicitur
2832 693 2877 753 e
2934 694 2981 751 e
3006 693 3099 752 ea
3120 668 3549 777 peculiaris

883 818 1074 906 pars
1113 785 1562 885 saelicitatis,
1589 783 1720 867 cui
1748 782 1964 893 parti
1989 784 2371 894 paranda
2402 783 2578 883 lex,
2604 801 2747 866 aut
2794 810 2921 868 ars
2958 841 2985 886 ‚
3048 799 3197 866 aut
3235 779 3550 864 institu-

885 927 1065 989 tum
1090 897 1294 983 illud
1319 895 1751 984 industum
1783 896 1942 982 cst.
2003 897 2528 1009 Atq3ita‚ex.
2553 923 2673 1005 gr.
2720 893 2901 981 finis
2949 894 3335 1004 proprius
3374 920 3545 978 ma·

885 1011 1369 1127 gistratum
1389 1004 1742 1097 forenses
1765 1007 1941 1094 lites
1964 1009 2507 1116 iudicantium
2532 1007 2649 1093 est
2671 1035 2765 1094 ea
2814 1035 2999 1120 pars
3018 1007 3463 1092 foelicitatis
3512 1063 3541 1107 ,

885 1153 1065 1238 quae
1096 1123 1677 1210 commutantis
1709 1120 2027 1213 lustitia
2054 1149 2317 1232 praece
2379 1122 2485 1210 tis
2508 1121 2993 1208 continetur
3040 1118 3291 1205 :finis
3342 1121 3545 1206 vero

881 1240 1180 1324 iudicis
1205 1232 1794 1325 maleficiorum
1823 1252 2283 1318 vocatura
2330 1234 2739 1319 oelicitatis
2796 1263 2985 1343 pars
3010 1292 3037 1337 ‚
3062 1258 3245 1344 quae
3294 1229 3549 1320 veria·

882 1371 1027 1442 tur
1051 1352 1134 1435 in
1221 1351 1582 1461 urganda
1607 1344 2071 1434 facinoroiis
2094 1341 2566 1431 hominibus
2594 1346 2959 1446 ciuitate,
2975 1347 3230 1458 inque
3248 1371 3528 1436 arcen-

889 1465 1011 1558 dis
1037 1380 1348 1565 negrijs
1367 1467 1417 1550 a
1437 1458 1771 1550 scelere..
1970 1537 1977 1544 .

1007 1582 1212 1667 Haec
1230 1578 1520 1663 eadem
1540 1575 1762 1662 inter
1794 1571 2170 1665 homines
2213 1573 2728 1688 pecularium
2778 1572 3065 1660 finium
3113 1575 3407 1658 diuifio
3462 1572 3551 1659 δι

857 1687 1368 1804 'procuratio
1413 1687 1743 1800 lingulis
1789 1692 2213 1804 quidpiam
2255 1687 2683 1803 agentibus
2730 1688 3066 1801 propria
3089 1739 3119 1788 ,
3162 1685 3374 1771 &ad
3394 1689 3554 1768 hu-

879 1831 1215 1894 manam
1239 1804 1938 1916 qualemcumque
1968 1801 2489 1892 fiencitatem
2540 1802 3069 1912 quaerendam
3095 1852 3123 1899 ‚
3150 1801 3234 1884 δι
3256 1793 3551 1883 [cilicet

879 1920 988 2002 ad
1010 1915 1354 2000 coelestis
1378 1915 1782 2022 beatitatis
1809 1919 2341 2027 adeptionem
2389 1943 2487 2002 ac
2508 1913 2861 2003 studium
2878 1915 2995 2002 est
3023 1930 3553 2025 opportuna..

880 2031 1104 2112 Cum
1126 2029 1354 2112 enim
1397 2029 1658 2110 multa
1715 2030 1864 2114 fint
1923 2031 2320 2116 virtutum
2356 2086 2385 2132 ,
2425 2053 2677 2140 atque
2716 2030 3407 2118 exercitationum
3433 2024 3555 2108 in-

879 2137 1331 2226 strumenta
1351 2198 1378 2243 ‚
1409 2166 1590 2248 quae
1611 2141 1717 2226 ad
1742 2143 1961 2228 illam
1988 2145 2507 2249 conducunt3
2531 2145 2790 2255 longe
2816 2140 3251 2257 parabiiior
3278 2164 3377 2222 ea
3400 2160 3549 2220 no-.

878 2250 1001 2340 bis
1025 2250 1151 2353 fit,
1175 2249 1234 2338 fi
1253 2250 1389 2362 alij
1412 2252 1577 2360 aliis
1600 2255 2325 2344 exercitationibus
2352 2260 2509 2341 toti
2534 2255 2612 2342 se
2636 2260 2956 2344 dedant
2974 2259 3059 2343 in
3110 2252 3554 2339 hominum

879 2363 1255 2473 bonum-,⁴
1282 2391 1531 2476 quam
1573 2366 1943 2454 fiomnes
1976 2370 2087 2453 ad
2130 2368 2419 2456 omnia
2466 2368 2920 2480 promiscue
2973 2367 3561 2456 connitantur.

878 2477 1094 2568 Ideo
1112 2481 1311 2587 varij
1363 2475 1545 2566 sunt
1579 2482 1910 2566 ordines
1948 2485 2031 2566 in
2085 2481 2632 2568 Ecclefiastica
2654 2485 3111 2570 hierarchia
3134 2536 3161 2581 ‚
3186 2479 3385 2585 varij
3410 2483 3559 2560 ho-

878 2593 1208 2681 minum
1236 2593 1534 2703 gradus
1558 2650 1587 2695 ,
1612 2615 1866 2704 atque
1899 2596 2112 2680 adeo
2142 2597 2397 2681 etiam
2418 2597 2653 2684 variae
2676 2591 3271 2706 Religiosorum
3298 2590 3560 2674 homi·

877 2730 1082 2794 num
1099 2708 1828 2814 congregationes.

991 2823 1220 2905 Sicut
1261 2841 1543 2903 autem
1601 2823 1688 2911 in
1736 2821 2080 2930 profina
2128 2815 2487 2933 politica,
2514 2825 2634 2908 ita
2659 2823 2749 2905 in
2777 2815 2990 2906 {acra
3014 2816 3543 2905 conditiones

875 2933 1316 3016 hominum
1367 2930 1739 3043 artesque
1769 2938 1985 3019 inter
2012 2933 2093 3019 sc
2132 2936 2443 3046 duplici
2464 2931 2930 3021 discrimine
2955 2931 3555 3034 secernuntur,

875 3044 1010 3126 vel
1035 3042 1274 3153 quod
1297 3041 1608 3129 diuersa
1633 3045 1855 3131 bona
1875 3047 2351 3149 intendant,
2374 3050 2503 3131 vel
2524 3048 2761 3157 quod
2789 3043 3070 3149 iisdem
3093 3042 3551 3128 conficien-

881 3155 1004 3241 dis
1031 3155 1358 3240 diuerse
1383 3153 1756 3241 studeant
1777 3217 1806 3241 .
1867 3162 2158 3251 Veluti
2204 3156 2565 3241 vestiaria
2591 3210 2619 3255 ,
2658 3159 2734 3242 δι
2768 3152 3169 3263 scriptura
3208 3159 3373 3237 hoc
3402 3150 3547 3238 dif-

881 3261 1168 3364 ferunt
1193 3323 1220 3368 ‚
1243 3267 1476 3377 quod
1503 3268 1638 3351 illa
1661 3268 2047 3353 intendat
2081 3270 2167 3353 in
2198 3266 2812 3351 defendendam
2854 3268 3061 3351 ac'ris
3108 3267 3558 3352 inclemen-

877 3378 1082 3470 tiam
1110 3439 1137 3484 ‚
1164 3384 1337 3464 haec
1365 3380 1571 3463 vero
1593 3383 1678 3463 in
1730 3376 2331 3487 patefaciendas
2382 3376 2867 3461 hominibus
2920 3378 3111 3463 loco
3139 3435 3165 3479 ,
3190 3380 3320 3463 vel
3344 3402 3552 3467 tem·

874 3518 1092 3606 pore
1114 3488 1394 3619 diiii-tis
1417 3492 1670 3573 animi
1704 3488 1955 3575 nostri
1978 3489 2539 3622 cogitationes
2561 3550 2586 3574 .
2642 3493 2758 3575 At
2776 3490 3192 3601 Scriptura
3219 3551 3248 3596 ,
3282 3496 3365 3577 ἃ
3384 3498 3551 3607 Ty-

874 3602 3557 3825 {352²}afflqvuizmfflffifflffiffi§sffiffissffiss3:3¹:

873 3824 1178 3909 mentis
1203 3878 1235 3921 ,
1256 3846 1510 3935 atque
1539 3826 1890 3936 opificiis
1915 3828 2131 3913 illud
2156 3822 2420 3937 ipsum
2448 3838 2489 3911 a
2516 3826 2599 3913 se
2640 3830 3065 3940 quaefitum
3106 3831 3542 3945 Reipubli-

879 3962 992 4025 cae
1015 3936 1807 4025 bonummoiiuntur
1833 4000 1863 4025 .
2068 4012 2077 4041 -.
2311 3954 2321 3961 ‘
2376 4014 2381 4021 .

901 4112 908 4123 -
993 4052 1194 4137 Hoc
1217 4051 1438 4135 idem
1469 4049 1828 4163 spectare
1851 4054 2047 4138 iicet
2088 4052 2175 4138 in
2222 4053 2582 4159 artibus,
2616 4076 2871 4165 atque
2920 4054 3301 4146 institutis
3329 4114 3355 4158 ,
3375 4082 3559 4171 qua

881 4163 990 4250 ad
1037 4160 1458 4251 Caelestem
1508 4168 1827 4274 generis
1884 4167 2227 4253 humani
2248 4162 2763 4256 foelicitatem
2798 4168 3220 4257 laborant.
3276 4175 3557 4260 Cum.»

885 4276 1108 4363 enim
1137 4274 1595 4363 vniuersum
1619 4288 1784 4365 hoc
1828 4276 2189 4366 >studium
2238 4305 2399 4365 vna
2456 4286 2672 4384 Dei,
2696 4308 2795 4367 ac
2824 4285 3190 4395 proximi
3214 4287 3559 4368 caritate

883 4390 1406 4475 contineatur
1433 4419 1659 4503 ‚qux
1704 4390 1818 4477 est
1859 4392 2296 4503 plenitudo
2322 4396 2524 4505 legis
2552 4424 2580 4500 ;
2608 4416 2979 4483 attamen
3030 4400 3253 4481 inter
3300 4393 3560 4482 artifi-

881 4526 1019 4591 ces
1041 4500 1322 4586 caelesti
1348 4504 1718 4591 felicitati
1741 4501 2184 4591 seruientes
2204 4508 2517 4616 duplex
2536 4506 2893 4595 claffium
2922 4510 3035 4595 est
3060 4507 3557 4595 differentia.

1007 4615 1428 4724 Siquidem
1451 4620 1622 4703 aliae
1653 4622 2103 4704 hominum
2120 4614 2385 4703 claffes
2414 4623 2498 4703 in
2522 4618 2739 4707 ficta
2788 4625 3111 4708 hierarc
3122 4623 3258 4708 hia
3286 4622 3565 4707 distin-

887 4747 1202 4846 guntur
1239 4755 1389 4843 per
1431 4734 1648 4821 varia
1692 4730 2053 4853 caritatis
2096 4736 2708 4855 opera'quibus
2764 4732 3311 4939 ²¹¹⁸b⁰¹²malff
3364 4762 3471 4939 {x
3497 4757 3583 4849 g.

1911 4924 1920 4933 .
2070 4876 2125 4933 Α·
3288 4874 3371 4935 lu
