3858 5729
1149 363 1288 492 23
1767 353 2369 462 Vindicatim'ib}
2395 355 2805 460 societatis
2836 362 2891 452 I
2890 353 3026 494 esic

1011 508 1192 623 ipso
1206 501 1562 594 articulo
1579 497 2256 592 constitutionem
2306 496 2563 588 edidit
2582 555 2609 602 ‚
2658 490 2897 586 cuiu‘s
2948 495 3283 586 initium
3332 495 3453 587 est
3485 529 3509 586 ε
3566 507 3697 590 Ex

1017 625 1234 708 Sedis
1255 615 1704 727 apostolica
1739 615 1872 701 vbi
1892 639 2067 698 non
2096 612 2357 701 solum
2375 610 2785 726 approbat
2830 633 3024 696 eum
3054 613 3484 701 societatis
3516 643 3691 702 mo.
3824 619 3826 634 ³

1019 763 1204 821 rem
1229 788 1254 832 ,
1281 731 1415 818 sed
1461 725 1722 814 causas
1777 730 2055 842 plures
2100 729 2210 813 ad
2256 729 2425 814 eius
2470 725 3194 814 confirmationem
3244 730 3685 839 producit.

1019 849 1293 935 Prima
1319 843 1430 932 est
1451 909 1480 946 ,
1561 845 1658 928 uei
1680 843 2219 959 acriusstudqs
2242 895 2273 940 ‚
2293 844 2395 936 ὁ·
2406 841 2927 952 pradicationi
2949 844 3333 927 intendere
3366 844 3637 957 poffi'nt
3654 871 3686 923 .·

1017 987 1203 1073 quae
1226 956 1454 1044 causa
1477 874 1792 1066 {gestat
1806 957 1914 1042 ad
1927 982 2052 1062 ea,
2086 985 2267 1066 quae
2294 957 2717 1042 attulimus
2746 981 2849 1038 ex
2875 959 3297 1064 Gregorio
3318 957 3681 1066 Magno,

1023 1103 1122 1162 ac
1145 1083 1221 1159 S.
1246 1076 1573 1158 Thoma
1595 1129 1620 1152 .
1689 1071 1963 1157 Altera
1984 1072 2436 1180 explicatur
2458 1073 2580 1182 ijs}
2606 1069 2878 1156 verbis
2934 1097 2953 1153 ε
3012 1079 3180 1156 Nos
3218 1073 3687 1157 attendentes

1022 1190 1481 1302 Religionem
1495 1187 1942 1296 pradiHam
1956 1184 2699 1296 vberrimosfiuc‘i‘us
2718 1184 2833 1267 ad
2852 1187 3000 1269 Dei
3019 1184 3323 1270 laudem
3346 1240 3371 1284 2
3392 1188 3647 1291 &san
3666 1229 3684 1245 ·
3828 1187 3830 1192 ’

1026 1309 1162 1390 θα
1176 1301 1576 1390 catholica
1571 1301 1776 1408 fidei
1781 1303 2399 1411 propagationem
2404 1323 2543 1409 per
2562 1301 3011 1406 vniuesfiam
3032 1299 3278 1384 arbem
3298 1297 3675 1414 διώ-βω,

1020 1423 1446 1530 meritoque
1463 1417 1550 1500 in
1563 1417 1744 1521 suis
1781 1419 1940 1528 ptj‘s
1984 1415 2289 1528 Hudijs·
2313 1415 2847 1525 confluentiam
2886 1411 3059 1514 eff.
3134 1413 3681 1498 subindicant

1025 1531 1417 1618 eiustnodi
1439 1525 1824 1629 verba‚ex
1849 1531 2306 1612 mutatione
2326 1533 2414 1614 in
2436 1528 2678 1613 rebus
2704 1527 2943 1612 initio
2967 1523 3340 1610 institutis
3368 1523 3672 1634 vsuque

1017 1647 1354 1730 firmatis
1377 1640 1840 1750 periculum
1865 1636 2041 1726 sore
2062 1668 2169 1726 ne
2211 1638 2577 1727 sodalitas
2624 1649 2799 1727 haec
2840 1639 3151 1746 alioqui
3193 1645 3373 1723 non
3414 1635 3677 1722 infru·
3712 1677 3731 1736 ·.

1023 1752 1293 1842 &unia
1316 1748 1946 1838 labefactaretur
1968 1807 1996 1850 ,
2034 1753 2269 1862 quod
2295 1755 2633 1866 planum
2658 1755 2747 1840 fit
2772 1779 2919 1864 per
2938 1779 3037 1838 ea
3060 1803 3084 1850 ‚
3103 1775 3287 1861 quae
3316 1752 3681 1840 diximus

1021 1871 1124 1952 de
1143 1866 1496 1952 vtilitate
1547 1891 1806 1974 quam
1859 1873 2366 1975 perpetuitas
2417 1865 2869 1954 vniufinodi
2916 1891 3251 1954 morum
3295 1858 3533 1948 affert
3570 1863 3688 1947 ad

1033 1978 1462 2064 cuiussibet
1493 1977 2028 2062 vniuerfitatis
2052 1976 2767 2070 conseruationem
2790 2042 2813 2065 .
2871 1979 3151 2066 Tertia
3172 1979 3515 2064 tandem
3534 1973 3685 2075 est,

1021 2097 1215 2209 quia
1241 2093 1374 2176 boc
1387 2091 1919 2200 modofieithoc
1942 2091 2389 2182 institutum
2408 2097 2463 2182 ci
2482 2099 2715 2182 Paulo
2729 2105 2782 2180 -I
2786 2103 2831 2181 1
2836 2103 2882 2180 Ι
2884 2155 2909 2178 .
2940 2098 3053 2189 ὰ
3100 2096 3303 2180 lulio
3344 2099 3387 2178 1
3395 2099 3519 2178 ιι.
3554 2111 3693 2200 ap·

1009 2209 1446 2317 probatum,
1465 2207 1830 2316 eiqueper
1864 2210 2237 2292 sanam
2254 2213 2665 2297 concilium
2682 2214 3232 2296 Tridentium
3256 2211 3423 2292 dero
3468 2226 3691 2302 atum

1023 2322 1344 2406 minim?
1361 2323 1631 2404 extitit
1652 2377 1678 2400 .
1743 2323 2021 2432 Qam
2050 2327 2457 2408 rationem
2474 2327 2813 2411 interius
2834 2326 3358 2436 explorantes
3410 2313 3679 2404 olidis-

1031 2434 1322 2522 fimam
1373 2435 2000 2542 deprehendent
2070 2496 2093 2519 .
2178 2439 2329 2520 Fac
2356 2440 2603 2523 -enim
2647 2499 2674 2544 ,
2732 2467 2825 2524 ea
2883 2465 3067 2548 quae
3112 2442 3159 2523 a
3216 2430 3671 2521 maioribus

1021 2547 1372 2660 probata
1397 2543 1605 2646 sunt,
1625 2549 1672 2630 a
1696 2543 2263 2632 succefforibus
2290 2552 2517 2638 nulla
2538 2559 2757 2640 noua
2778 2553 3021 2638 causa
3054 2549 3675 2637 interueniente
3796 2593 3803 2598 -

1021 2659 1480 2768 improbari
1497 2713 1523 2757 ‚
1545 2659 1914 2746 concidit
1940 2661 2163 2746 illico
2193 2663 2610 2749 vetustatis
2639 2669 3109 2764 auctoritas,
3122 2661 3577 2746 Palladium
3598 2657 3697 2742 il·

1027 2777 1172 2859 lud
1193 2767 1622 2871 inuictum,
1643 2797 1821 2882 quo
1838 2772 2044 2860 nihil
2068 2776 2410 2862 validius
2434 2779 2541 2862 ad
2566 2776 3113 2864 obedientiam
3145 2771 3702 2885 populorum.

1033 2894 1162 2973 Ita
1192 2887 1471 2994 plane:
1497 2888 1848 2993 quando
1869 2915 2297 2999 nunquam
2324 2898 2725 2975 humanus
2766 2891 3084 2973 animus
3114 2891 3202 2971 in
3248 2903 3578 2971 tantum
3606 2882 3693 2968 se
3838 2852 3840 2977 i

1031 3000 1397 3082 demittit
1417 2989 1896 3107 obsequium
1918 3055 1945 3100 ,
1974 3026 2063 3087 vt
2090 3005 2235 3087 diu
2262 3028 2513 3111 opere
2540 3025 2990 3111 exequatur
3015 3057 3041 3101 ,
3080 2998 3318 3112 quod
3370 2995 3696 3107 opinio·

1030 3138 1139 3197 ne
1164 3108 1642 3218 repudiata&
1667 3114 1913 3199 nimia
1940 3116 2406 3224 procliuitas
2430 3114 2542 3199 est
2560 3118 2671 3201 ad
2688 3113 3214 3226 magistratuii
3235 3107 3694 3219 improban-

1029 3226 1133 3309 da
1155 3226 1482 3311 decreta
1509 3224 1658 3338 nifi
1683 3227 2089 3314 vetustatis
2150 3230 2365 3317 idem
2400 3227 2817 3313 sentientis
2872 3226 3431 3315 intercederet
3462 3246 3699 3305 reue-

916 3382 925 3390 ·
1021 3340 1285 3423 tentia
1320 3400 1342 3421 .
1402 3339 1600 3424 Ideo
1627 3344 1963 3448 antiqua
1986 3366 2479 3425 veneramur
2504 3395 2529 3437 ‚
2556 3337 3069 3452 presentibus
3106 3335 3725 3435 obtrectamus,

1022 3453 1172 3539 nifi
1196 3448 1716 3557 praestntibus
1737 3449 1902 3561 ipsa
1932 3452 2270 3539 vetustas
2302 3452 2836 3563 adstipuletur
2855 3514 2881 3540 .
2940 3453 3079 3542 Ad
3100 3458 3313 3537 hanc
3332 3452 3529 3536 vero
3555 3474 3699 3533 co·

1024 3564 1470 3647 bibendam
1536 3566 1967 3649 hominum
2038 3565 2461 3652 libidinem
2547 3568 3021 3679 principalia
3096 3564 3627 3651 examinandi
3670 3614 3695 3663 ,

1025 3674 1404 3781 adeoque
1431 3671 1871 3760 damnandi
1891 3736 1918 3776 ,
1951 3676 2313 3787 spectant
2338 3681 2559 3789 leges
2583 3682 2953 3768 illaezNon
2980 3683 3329 3764 omnium
3376 3679 3461 3760 &
3504 3704 3701 3785 pro·

1031 3788 1252 3870 xima
1275 3781 1358 3867 ff.
1382 3786 1489 3869 de
1509 3786 1820 3897 legibus
1847 3819 2025 3903 quae
2052 3794 2164 3875 ita
2199 3814 2352 3875 nos
2374 3792 2833 3877 admonent
2860 3854 2883 3878 .
2913 3805 3099 3881 Non
3138 3796 3482 3879 omnium
3516 3818 3693 3903 qua

1029 3902 1086 3984 ἆ
1111 3900 1526 3984 maioribus
1544 3903 2130 4010 constitutafimt
2145 3909 2349 3989 ratio
2392 3907 2611 3988 reddi
2612 3904 2843 4014 potest
2858 3939 2888 3991 .·
2906 3910 3007 4000 dr
3025 3910 3190 3993 ideo
3212 3908 3545 3991 rationes
3564 3934 3646 3989 eo
3660 3950 3683 3968 ·

1034 4044 1209 4096 rum
1261 4043 1428 4123 quae
1444 4080 1455 4087 .
1473 4014 2023 4120 constituuntur
2056 4073 2081 4111 ‚
2102 4023 2407 4131 inquiri
2421 4046 2573 4102 non
2590 4039 2873 4128 oportet
2896 4078 2925 4123 ,
2971 4025 3126 4109 alio
3186 4027 3324 4108 uin
3371 4021 3695 4106 multa..-

1041 4156 1143 4211 ex
1167 4130 1284 4209 his
1304 4159 1470 4241 quae
1489 4137 2661 4249 certafimtfiebuertentur.Qae
2691 4135 2938 4220 verba
2964 4160 3072 4221 ne
3126 4162 3205 4221 ac
3236 4136 3651 4244 acceperis
3670 4189 3700 4236 ,

1037 4239 1258 4345 quali
1283 4242 1413 4325 lex
1435 4246 1704 4353 aliqua
1741 4246 1976 4356 possit
2000 4246 2167 4331 fine
2198 4249 2523 4331 ratione
2576 4246 3037 4349 confistere,
3070 4254 3231 4333 hoc
3256 4252 3481 4333 enim
3525 4244 3701 4329 sub-

1037 4352 1407 4484 stantiam
1435 4354 1681 4466 ipsam
1726 4414 1753 4461 ,
1807 4360 2478 4445 &definitionem
2519 4359 2719 4468 legis
2746 4382 3200 4449 euerteret.
3282 4364 3446 4449 Sed
3487 4386 3704 4469 quo-

744 4564 1014 4709 32:23:
1037 4473 2541 4692 3332{2323333333'235012255
2552 4474 3718 4699 {ti-tffzffiist’ss'smiglsss

1045 4691 1325 4781 fallens
1345 4746 1371 4793 ‚
1413 4688 1548 4778 sed
1571 4714 1893 4783 tantum
1924 4751 1952 4798 ,
1970 4715 2075 4781 vt
2094 4698 2411 4812 aliquid
2418 4703 2537 4814 fit
2572 4730 2853 4825 verqu
2898 4725 3000 4826 fot
3040 4708 3128 4796 in
3152 4704 3525 4905 plna-ibus
3546 4703 3725 4817 cicer

3188 4828 3205 4853 ‘
3346 4845 3381 4901 e
3438 4821 3599 4904 ciat
