3858 5729
69 495 82 554 'l

1403 366 1528 448 Ca
1579 353 1674 452 u't
1741 361 1798 447 I
1827 355 1951 454 V.
2692 389 2791 474 13

301 486 534 573 aliud
549 481 890 569 caritatis
911 511 1132 604 opus
1165 485 1279 572 est
1299 388 1794 576 conflfentes
1814 489 2107 576 audire
2130 541 2157 588 ‚
2180 499 2323 596 atq
2332 505 2441 568 ue
2486 479 2903 574 absoluere
2920 544 2949 586 ‚

298 596 532 709 qnod
575 621 722 710 per
746 594 821 684 se
861 603 972 686 ad
992 599 1356 714 pastores
1374 604 1833 692 animarum
1881 600 2189 715 spectat
2212 599 2477 684 :aliud
2498 597 2611 680 est
2638 599 2953 684 diuinas

297 711 572 798 laudes
595 715 1036 800 concinere
1059 771 1086 816 ‚
1115 711 1615 830 publicisque
1649 715 2025 831 precibus
2040 715 2415 802 diuinam
2441 737 2693 820 opem
2738 735 2962 794 mor-

293 825 590 910 talibus
607 823 1063 938 impetrare
1081 887 1110 930 ‚
1130 831 1365 941 quod
1392 831 2015 917 canonicorum
2038 827 2407 940 Collegia
2428 849 2459 931 3
2482 823 2957 912 Monacho·

293 965 654 1050 rumque
670 940 754 1024 in
793 943 1080 1054 primis
1099 946 1812 1054 congregationes
1833 964 2087 1056 agunt
2108 1001 2133 1026 .

407 1055 614 1140 Alia
641 1058 908 1165 porro
929 1055 1198 1141 claffes
1224 1059 1662 1142 hominurn
1691 1118 1718 1163 ‚
1745 1084 1939 1145 cum
1961 1083 2213 1144 vnum
2237 1117 2263 1161 ,
2285 1077 2539 1168 atque
2558 1055 2776 1142 idem
2798 1053 2963 1140 bo·-

293 1189 503 1250 num
526 1169 688 1250 hoc
717 1163 832 1249 est
860 1169 1206 1254 eandem
1235 1171 1480 1278 plane
1537 1173 1894 1258 caritatis
1940 1192 2259 1283 partem
2303 1191 2641 1284 petant,
2664 1169 2936 1254 diuer-

290 1277 390 1364 fis
415 1301 699 1364 tamen
725 1275 1018 1362 semitis
1039 1281 1144 1364 ad
1164 1283 1378 1366 idem
1400 1281 1800 1394 fastigium
1824 1281 2199 1397 aspirant3
2230 1281 2527 1372 {cilicet
2554 1278 2948 1395 profiten-

295 1393 418 1476 do
439 1391 570 1476 vel
590 1392 968 1479 eximiam
985 1417 1560 1507 paupertatem
1591 1457 1616 1502 ,
1645 1421 1735 1486 vt
1757 1402 2229 1488 diuitiarum
2254 1397 2529 1486 obices
2554 1453 2582 1500 ‚
2610 1419 2707 1479 ac
2743 1421 2947 1505 prae-

293 1501 562 1612 stigias
576 1527 950 1613 arceant;
979 1507 1108 1594 vel
1146 1531 1476 1597 mutum
1520 1515 1776 1624 poene
1813 1510 2229 1600 silentium
2253 1573 2279 1617 ,
2302 1534 2391 1598 vt
2413 1511 2785 1600 animum
2808 1507 2947 1592 ab·

293 1618 784 1726 euagatione
807 1675 833 1719 ,
853 1623 942 1706 31
978 1625 1526 1710 contentione
1558 1684 1587 1730 ,
1637 1629 1971 1736 gemina
2018 1626 2313 1712 scilicet
2336 1680 2363 1725 ‚
2421 1650 2516 1708 ac
2534 1661 2541 1666 ·
2562 1619 2809 1704 noxia
2830 1621 2921 1702 lo

297 1728 746 1840 quacitatis
766 1727 1566 1837 spbole,immunem
1593 1741 1828 1824 vnice
1851 1739 1938 1822 in
1991 1743 2181 1824 Deo
2228 1735 2483 1846 figant
2510 1734 2687 1818 :vel
2718 1728 2950 1814 absti-

295 1844 665 1930 nentiam
689 1849 736 1930 a
756 1848 962 1934 cibis
985 1849 1564 1960 praestantioris
1587 1844 1802 1935 succi
1823 1845 2282 1964 saporisque
2307 1902 2334 1947 ‚
2356 1864 2447 1930 vt
2468 1841 2775 1929 stnsum
2812 1841 2955 1925 do·

291 1976 582 2057 ment,
608 1961 884 2068 itaque
906 1965 1216 2050 rationi
1258 1958 1666 2048 subditum
1691 1965 1780 2050 in
1810 1963 2091 2050 officio
2136 1963 2675 2048 contineant.
2736 1954 2941 2038 Haec

295 2070 757 2178 generatim
786 2075 892 2158 ad
921 2075 1584 2188 explanationem
1611 2076 2544 2187 comprobationemque
2585 2069 2795 2156 iuius
2818 2092 2941 2151 re-

299 2184 507 2289 gulae
531 2211 698 2296 qua
716 2189 1166 2276 S.Thomas
1188 2186 1593 2299 religiosos
1616 2191 1985 2277 Ordines
2012 2209 2314 2274 mutuo
2330 2181 2677 2272 secernit
2693 2242 2718 2266 .

406 2295 676 2384 Porro
697 2300 808 2383 ad
831 2305 1044 2390 hanc
1071 2304 1442 2414 regulam
1469 2301 1828 2390 Societas
1858 2299 2029 2390 [esti
2055 2300 2160 2388 ab
2179 2301 2351 2408 alijs
2397 2300 2539 2384 reli
2546 2295 2783 2410 giofis
2807 2322 2945 2379 or-

293 2405 622 2497 dinibus
647 2415 1096 2521 plurimum
1126 2411 1402 2502 differt
1428 2441 1779 2530 :nempe
1791 2443 1973 2544 pon
2001 2415 2257 2510 solum
2280 2411 2387 2500 ab
2406 2414 2516 2497 eis
2557 2434 2657 2494 ex
2682 2410 2949 2498 modo

290 2515 524 2608 suum
548 2522 799 2620 finem
828 2529 1256 2638 quaerendi
1285 2587 1311 2631 ,
1333 2555 1499 2640 qua
1523 2535 1629 2618 de
1650 2558 1742 2617 re
1765 2532 2093 2620 inieritis
2116 2552 2529 2640 exponam
2554 2580 2581 2625 ‚
2604 2519 2739 2609 {ed
2778 2522 2947 2608 fine

287 2631 461 2745 ipso
481 2637 789 2724 differt.
848 2644 948 2727 ld
966 2643 1079 2728 ita
1101 2641 1576 2731 demonstro
1597 2704 1622 2728 .
1681 2649 1752 2732 E
1779 2647 2109 2754 reliquis
2130 2636 2553 2728 ordinibus
2599 2637 2725 2742 alij
2765 2659 2953 2745 pro-

289 2750 556 2858 priam
581 2748 918 2840 salutem
946 2810 977 2857 ‚
996 2783 1092 2842 ac
1121 2754 1721 2867 perfectionem
1747 2759 1989 2844 vnice
2018 2757 2433 2842 seaantur
2456 2803 2485 2848 ,
2514 2745 2659 2832 nifi
2688 2773 2954 2857 quan-

299 2880 488 2945 tum
515 2920 540 2962 ‚
575 2886 666 2947 vt
721 2890 1097 2954 aromata
1137 2872 1400 2957 odore
1423 2932 1449 2976 ,
1491 2871 1600 2956 fic
1649 2876 1908 2957 virtus
1929 2868 2319 2980 exemplo
2332 2861 2653 2976 semper
2678 2859 2945 2975 proxi-

303 2995 493 3054 mos
522 2974 822 3075 afficit3
858 2983 941 3059 &
987 2986 1280 3069 merita
1329 2990 1656 3094 piorum
1703 3012 1800 3071 ac
1847 3008 2133 3098 preces
2172 2983 2282 3067 ad
2312 2977 2937 3093 propitiandam

293 3080 424 3165 vel
474 3082 746 3193 impiis
793 3084 1319 3171 diuinitatem
1352 3096 1630 3169 valent
1653 3151 1676 3169 .
1738 3100 1896 3196 Alii
1942 3096 2179 3199 super
2228 3103 2392 3181 hoc
2450 3096 2680 3176 certa
2724 3114 2941 3199 quae·

289 3194 484 3281 dam
504 3252 530 3295 ,
555 3221 655 3279 ac
672 3194 1098 3326 designata
1119 3191 1380 3327 solum
1408 3198 1886 3283 adiumenta
1911 3202 1999 3283 in
2022 3200 2372 3327 aliorum
2404 3200 2769 3329 salutem
2796 3204 2947 3283 im·

285 3306 2341 3531 issssdaffizg‘i’ffi'ss}ffliffssffssssssffiffl’gieniffffi’i
2356 3367 2391 3518 ‚‘
2408 3313 2565 3504 ἐὲἑ
2590 3312 2945 3503 Ξῖξέῒιῖἓῗ

289 3560 498 3617 num
523 3555 760 3645 putat
784 3561 994 3645 opus
1019 3532 1564 3636 vllumssrtem
1585 3534 1854 3637 vllam,
1884 3534 2251 3623 laborem
2277 3534 2555 3635 vuum,
2581 3557 2763 3641 quae
2792 3554 2955 3647 per

287 3644 394 3745 se,
410 3672 508 3728 ac
527 3642 660 3733 sua
679 3640 968 3759 sponte
994 3647 1102 3739 ad
1125 3653 1349 3731 hunc
1371 3646 1628 3743 finem
1646 3643 2015 3759 spestent
2036 3677 2064 3753 3
2083 3649 2291 3757 quin
2307 3648 2564 3731 etiam
2593 3664 2936 3731 tenetur

295 3758 800 3867 obligatione
823 3766 986 3873 qua
1001 3761 1297 3873 regulae
1319 3765 1430 3847 ad
1454 3767 1631 3849 haec
1651 3765 1936 3848 omnia
1956 3786 2111 3875 pro
2151 3758 2775 3845 moderatorum
2813 3783 2945 3840 ar-

291 3872 541 3959 bitrio
590 3876 1054 3986 peragenda
1077 3930 1104 3977 ‚
1129 3900 1298 3989 qua
1321 3876 1498 3963 voti
1545 3870 1888 3987 suscepti
1938 3874 2047 3957 ad
2078 3872 2483 3985 praecipua
2504 3928 2535 3975 ‚
2563 3868 2813 3957 veluti
2834 3868 2941 3951 ad

295 3982 828 4073 cathechifini
845 3989 1369 4079 traditionem
1393 3991 1532 4091 ,δι
1579 3991 1685 4074 ad
1715 3982 2163 4085 miffiones,
2212 3981 2347 4071 seu
2378 4008 2525 4095 per
2568 3980 2940 4069 fidelium

287 4091 429 4183 seu
458 4122 607 4208 per
619 4097 1069 4186 infidelium
1092 4104 1405 4215 plagas,
1423 4101 1550 4189 vel
1575 4100 1810 4187 nullo
1830 4122 2185 4211 accepto
2203 4100 2499 4186 viatico
2522 4156 2547 4180 .
2607 4099 2941 4207 Qare'a

295 4210 620 4297 tantum
643 4218 814 4297 haec
859 4214 1265 4328 Religiosa
1315 4212 1686 4303 sodalitas
1734 4210 1971 4297 distat
1992 4213 2097 4299 ab
2115 4210 2287 4320 aliis
2314 4272 2343 4317 ,
2366 4231 2773 4323 quantum
2798 4210 2940 4321 iri„⁸

287 4327 656 4411 exercitu
680 4321 1002 4413 distaret
1021 4334 1070 4417 a
1092 4332 1474 4442 peculiari
1497 4326 1778 4414 officio
1797 4328 1928 4411 vel
1952 4328 2290 4436 vigilum
2316 4378 2343 4426 ,
2360 4324 2488 4410 vel
2523 4322 2937 4435 praetoria-

283 4463 597 4525 norum
626 4500 650 4536 ,
673 4439 806 4525 vel
823 4467 1004 4529 rem
1028 4445 1650 4531 tormentariam
1671 4444 2135 4529 curantium
2165 4498 2196 4543 ,
2215 4439 2351 4525 vel
2369 4436 2767 4525 machinis
2792 4487 2816 4534 ,
2838 4454 2934 4516 ac

281 4546 763 4639 lbsfionibus
785 4554 1437 4647 incumbentium
1463 4612 1492 4659 ,
1517 4560 1822 4643 cohors
1871 4556 2193 4665 aliqua,
2213 4577 2395 4659 quae
2447 4545 2525 4635 se
2542 4550 2653 4633 ita
2670 4549 2791 4631 Im
2798 4562 2939 4673 pe·-

247 4663 548 4786 ratori
571 4674 1088 4797 manciparet
1104 4726 1136 4777 ‚
1164 4692 1254 4798 vt
1287 4674 1402 4766 ad
1440 4669 1815 4783 labores,
1855 4694 2147 4789 operas
2173 4725 2203 4776 ‚
2224 4661 2590 4785 pericula
2617 4679 2939 4859 οωὸῠῑᾶι

1241 4792 1250 4799 .
1345 4786 1359 4798 .
1617 4789 1628 4797 .
2608 4796 2729 4889 qu
2790 4822 2827 4845 ι.
