3858 5729
1137 420 1148 432 -
1257 357 1392 446 Ca
1420 359 1538 442 'uc
1667 357 1785 446 X.
1857 353 1866 362 ’
2586 389 2695 474 3,

161 503 354 572 tota
369 483 674 572 vtilitas
695 477 1117 584 mensure,
1157 485 1354 572 cuiu
1387 483 1623 570 modi
1662 480 1778 570 est
1823 483 1961 572 lex
2000 489 2110 574 ad
2152 493 2557 576 humanas
2584 489 2837 577 astina

163 622 321 682 nes
347 655 376 697 ‚
397 601 482 682 in
507 625 610 682 eo
634 593 992 684 versatur
1016 653 1042 698 ‚
1067 619 1153 684 vt
1188 624 1340 712 per
1365 624 1622 686 vnum
1649 602 1908 687 multa
1929 599 2578 710 cognoscantur:
2606 619 2839 692 ηοω·

161 714 551 798 autemid
570 710 1298 821 ass'equeremur‚fi
1327 739 1486 823 pro
1527 715 2315 806 circumstantiarum
2372 710 2831 814 varietate-2,

169 850 360 934 quae
383 831 470 910 in
493 825 820 936 fingulis
840 831 1158 914 euentis
1183 829 1418 912 variie
1445 821 1628 914 sunt
1650 884 1679 928 ‚
1699 828 1835 916 lex
1859 831 2149 920 itidem
2175 832 2397 920 varia
2424 823 2641 915 ess'et.
2668 829 2833 914 Sed

167 938 639 1064 praeclarius
698 994 725 1041 ,
771 945 856 1028 δι
901 944 992 1024 in
1035 968 1216 1028 rem
1273 939 1633 1028 nostram
1681 947 2297 1034 accomodatius
2340 941 2455 1030 est
2492 943 2581 1030 id
2602 940 2839 1056 quod
2886 983 3157 1067 Laws:

167 1051 364 1136 alibi
438 1053 818 1164 loquitur
863 1109 890 1154 ‚
954 1053 1388 1142 ostendens
1459 1056 1894 1166 quomodo
1956 1059 2090 1143 lex
2174 1063 2423 1144 etiam
2496 1060 2839 1168 punien-
2878 1088 3065 1129 aaaaaa
3068 1069 3107 1125 d

159 1167 284 1250 do
327 1163 569 1252 faciat
645 1169 1035 1253 homines
1099 1166 1366 1252 bonos
1393 1228 1416 1252 .
1479 1171 1900 1282 Qoniam
1944 1229 1967 1275 ,
2014 1175 2290 1284 inquit
2334 1225 2361 1272 ‚
2428 1171 2623 1256 licet
2684 1170 2829 1256 bo·
2878 1152 2995 1210 '‘¹‘’

159 1301 323 1362 nus
346 1279 482 1363 ille
507 1299 838 1366 tantum
857 1275 954 1364 fit
979 1280 1123 1391 qui
1145 1279 1362 1364 bona
1395 1306 1568 1367 non
1593 1285 2031 1370 formidine
2058 1287 2247 1376 mali
2276 1341 2303 1386 ,
2328 1303 2581 1396 atque
2626 1282 2835 1368 inui-

153 1409 294 1476 tus
319 1387 498 1490 ‚scd
522 1419 624 1476 ex
642 1393 918 1476 animo
939 1395 1466 1506 iucundeque
1490 1399 1804 1508 peragit
1826 1456 1853 1501 ‚
1881 1420 2193 1504 tamen,
2218 1427 2325 1486 ex
2342 1427 2427 1485 eo
2448 1401 2665 1514 quod
2683 1397 2835 1484 ali-

147 1507 343 1616 quis
363 1504 717 1620 affiaeefiwt
731 1508 990 1612 καίριον
1010 1513 1303 1615 operari
1317 1562 1346 1607 ,
1355 1513 1796 1616 perducitur
1813 1518 2275 1628 quandoque
2292 1516 2407 1600 ad
2414 1515 2551 1596 hoc
2592 1529 2697 1596 vt
2746 1513 2838 1596 id

121 1618 404 1728 ficiat
419 1619 954 1706 demabiIim
972 1671 1004 1718 ‚
1028 1624 1130 1716 ὁ·
1147 1628 1560 1730 expropn’ae
1586 1625 2021 1708 voluntate.
2078 1625 2505 1736 Enquanti
2532 1623 2624 1708 fit
2646 1651 2829 1708 mo·

147 1759 348 1818 rum
373 1734 898 1820 continuatio
942 1736 1054 1823 ad
1095 1737 1682 1822 emolliendam
1723 1738 1926 1844 legis
1966 1731 2537 1822 difficultatem
2566 1791 2594 1836 ,
2618 1739 2701 1818 δι
2724 1733 2833 1817 ad

161 1847 672 1955 probitatem
713 1851 950 1936 velin
968 1847 1397 1962 improbos
1422 1842 1926 1934 inserendam
1952 1908 1975 1932 .
2036 1851 2361 1933 Scilicet
2382 1873 2553 1932 non
2572 1848 2831 1964 magis

156 1965 340 2045 haec
377 1964 555 2047 duo
581 1990 606 2046 ε
632 1985 716 2048 te
747 1960 1001 2072 polle,
1023 1991 1120 2051 ac
1149 1983 1232 2049 te
1257 1961 1503 2065 velle,
1529 1957 2021 2061 conferunt,
2046 1983 2131 2046 vt
2168 1959 2453 2060 facias,
2478 1964 2723 2070 quam
2748 1979 2835 2040 te

155 2094 414 2160 antea
437 2073 700 2160 ieciffe
727 2075 1053 2162 confert
1103 2097 1196 2163 vt
1215 2081 1516 2162 iterum
1536 2079 1620 2162 δι
1665 2071 1904 2188 poffis
1928 2131 1955 2174 ,
1980 2079 2063 2160 δι
2113 2075 2352 2158 velis.
2414 2071 2825 2184 Qinimo

147 2205 484 2274 tantum
512 2189 724 2274 valet
753 2186 930 2276 vsus
953 2192 1062 2276 ad
1081 2188 1476 2302 capienda
1498 2189 1969 2275 mortalium
1985 2191 2311 2300 ingenia
2336 2242 2362 2287 ‚
2405 2209 2491 2272 vt
2508 2208 2823 2293 quem·

143 2300 610 2388 admodum
632 2303 1102 2390 Aristoteles
1127 2327 1364 2390 notat
1385 2361 1412 2406 ,
1441 2299 2009 2390 difficillimum
2036 2301 2146 2408 fit,
2190 2299 2481 2387 vsuma
2522 2301 2819 2382 natura

137 2411 696 2501 internoscere
725 2417 1280 2530 :quapropter
1299 2442 1394 2504 ea
1419 2439 1600 2526 quae
1627 2415 1848 2500 bona
1873 2413 2053 2504 sunt
2081 2443 2183 2502 ex
2215 2423 2585 2502 humano
2606 2407 2819 2494 arbi·

42 2603 44 2620 ζ
138 2541 368 2612 tratu
392 2580 419 2625 ,
444 2529 874 2638 postquam
891 2533 1126 2643 longi
1157 2528 1331 2616 vsus
1351 2525 1818 2641 suffragium
1869 2527 2193 2618 accefflt
2224 2585 2250 2629 ‚
2274 2549 2589 2614 naturae
2616 2551 2817 2632 prae·

41 2629 48 2672 ⁵
141 2659 394 2750 cepto
407 2640 630 2734 bona
669 2647 1056 2732 videntur
1082 2704 1105 2729 .
2022 2717 2029 2724 .

255 2755 418 2840 Sed
439 2757 636 2846 alibi
659 2762 768 2846 de
783 2759 1252 2844 mutatione
1271 2757 1546 2867 legum
1569 2759 2133 2871 opportunior
2176 2753 2483 2840 incidet
2506 2750 2769 2840 scrmo
2792 2804 2821 2830 .
2980 2851 2999 2864 κ

153 2864 362 2993 Hac
387 2870 474 2951 in
497 2869 921 2998 praesentia
942 2925 970 2966 ‚
998 2893 1085 2957 vt
1112 2872 1414 2979 liqueat
1435 2876 1684 2998 quam
1734 2870 2139 2957 mendose
2180 2869 2809 2959 ratiocinemur,

139 3002 840 3198 23522‘12‘512'22232,
853 2986 1329 3187 ῗοὲἰῖἑῗῗς
1353 3010 1450 3173 εἶ’
1457 2978 2809 3207 {2321‘323333325235132223

141 3202 565 3289 immutari
587 3264 612 3287 .
671 3199 928 3317 Qafi
956 3202 1158 3289 vero
1182 3255 1209 3300 ‚
1233 3204 1631 3309 quoniam
1655 3204 1924 3309 aliqua
1956 3230 2311 3317 corpora
2332 3202 2805 3300 nascuntur,

145 3341 322 3421 ,qua
343 3336 544 3403 ante
562 3318 1042 3427 vigefimum
1065 3316 1428 3425 pomum
1451 3340 1766 3399 annum
1826 3315 2047 3400 haud
2090 3316 2298 3425 aegre
2346 3316 2809 3398 ieiunium-o

143 3425 452 3515 ferrent
474 3482 504 3529 ,
525 3428 1210 3539 reprehendenda
1229 3427 1327 3515 fit
1343 3425 1698 3513 Ecclefia
1717 3452 1940 3538 ‚quae
1969 3432 2349 3513 vniuerse
2370 3426 2589 3511 illam
2616 3441 2807 3507 aeta«

145 3562 314 3630 tem
353 3543 632 3648 ieiunii
666 3541 1184 3651 obligatione
1235 3537 1572 3627 absoluit
1619 3568 1649 3645 ⁶,
1699 3541 1922 3650 quali
1976 3543 2371 3652 quoniam
2416 3533 2801 3623 nonnulli

145 3654 608 3767 priusquam
657 3654 1140 3767 vigeiimum
1161 3655 1550 3763 quintum
1595 3680 1910 3745 annum
1963 3656 2477 3764 expleuerint
2527 3704 2555 3751 ‚
2610 3647 2793 3759 plus

144 3768 402 3884 longe
419 3770 896 3881 intelligunt
921 3824 949 3868 ,
988 3772 1240 3879 quam
1261 3768 1394 3874 aiij
1413 3767 1498 3853 in
1531 3769 1779 3866 virili,
1801 3790 1947 3853 aut
1974 3764 2194 3851 senili
2216 3787 2487 3869 aetate,
2516 3784 2801 3870 repre·

137 3882 190 3961 h
205 3884 687 3973 cadendum
705 3881 804 3975 fit
825 3884 950 3969 ius
973 3881 1212 3973 ciuile
1233 3936 1260 3983 ,
1279 3881 1514 3990 quod
1537 3886 1688 3967 hos
1739 3912 1902 3991 prae
1934 3882 2087 3963 illis
2108 3934 2132 3977 ‚
2158 3877 2213 3964 fi
2264 3875 2794 3988 deliquerint,

47 3986 56 4019 '
137 3998 456 4097 grauius
489 3995 780 4105 puniat
820 4056 844 4097 ‚
874 3996 1273 4107 quodque
1303 4002 1608 4081 horum
1631 3996 2107 4079 contrastus
2136 4014 2283 4103 per
2308 3986 2385 4074 se
2411 4011 2629 4073 ratos
2653 4041 2680 4086 ,
2700 3985 2791 4067 il·

135 4104 400 4193 lorum
423 4108 704 4194 irritos
729 4104 1018 4197 ficiat.
1065 4111 1230 4196 Sed
1253 4107 1340 4191 in
1367 4130 1456 4195 re
1475 4102 1975 4218 apertiffimd
1996 4162 2023 4205 ,
2046 4109 2127 4190 6<
2157 4104 2791 4217 exemplorum-a

133 4216 542 4309 vberi-ima
569 4220 958 4333 putidum
975 4218 1168 4313 effet
1187 4222 1620 4309 immorari
1649 4278 1674 4301 .

232 4332 550 4423 verum
580 4395 607 4440 ,
634 4356 718 4422 vt
741 4335 874 4424 hic
917 4336 1148 4427 locus
1193 4334 1550 4418 omnino
1597 4335 2067 4441 purgetur&
2120 4356 2259 4415 me
2286 4388 2313 4432 ‚
2349 4329 2523 4415 duo
2570 4320 2801 4432 subij-

139 4442 420 4539 cienda
437 4445 861 4562 supersunt
880 4509 909 4532 .
961 4448 1344 4547 Alterum
1375 4444 1490 4533 est
1515 4440 1904 4531 eiufinodi
1933 4446 2299 4529 rationes
2324 4444 2587 4529 Chori
2616 4461 2797 4546 pre·

51 4594 58 4607 ’
156 4563 670 4653 termittendi
683 4580 1218 4651 nonstantum
1247 4556 1602 4671 ignatio,
1625 4584 1796 4646 non
1825 4578 2151 4643 tantum
2182 4558 2419 4643 nobis
2437 4615 2464 4659 ‚
2492 4551 2625 4639 sed
2648 4550 2795 4631 Pe·

145 4671 256 4765 tri
271 4676 620 4767 oraculo
631 4674 1221 4794 comprobem
1239 4732 1266 4765 .
1320 4676 1552 4791 Nam
1577 4674 2043 4793 Gregorius
2066 4674 2305 4759 xm.
2349 4666 2781 4857 supershoc

291 4864 296 4869 ,
569 4793 579 4800 ·
725 4793 734 4801 ·
2484 4804 2568 4897 ip
2600 4800 2657 4858 o

2042 4962 2095 5005 ἱ
