3858 5729
291 471 312 486 ,
1218 392 1348 482 Ca
1401 394 1496 482 ut·
1563 401 1650 487 X
1717 397 1772 484 I
1841 397 1963 492 V.
2210 481 2217 496 .
2628 427 2745 514 73

219 515 646 608 iustifflme
663 518 954 608 iniufi‘u
979 411 1426 634 pai-emugi-
1437 525 1977 616 admittamus
1998 592 2021 616 .
2046 620 2051 624 ,
2082 531 2291 618 Non
2316 529 2429 618 est
2450 533 2563 618 ita
2581 595 2606 620 .

220 683 230 691 -
355 635 748 744 Etpn'mo
768 641 1550 750 perincommodum
1572 640 1812 728 nobis
1841 645 2029 731 effet
2070 647 2131 730 fi
2176 644 2659 757 parentibus
2708 677 2905 741 con·

221 746 525 850 staret,
553 742 633 833 se
650 751 1126 840 nolentibus
1158 778 1592 862 nunquam
1625 755 1800 840 sore
1828 781 1918 844 vt
1944 783 2239 846 eorum
2265 759 2533 846 liberis
2580 765 2909 876 religio-

231 857 320 946 sae
341 857 556 946 fores
577 887 914 976 pateant
937 925 960 951 .
1018 869 1434 979 Magnum
1465 871 1690 960 enim
1707 872 1984 958 calcar
2002 875 2113 959 ad
2156 877 2673 982 peccandum
2702 905 2906 987 prae·

225 971 742 1086 uifivpeccati
763 980 1114 1088 vtilitas3
1175 984 1394 1068 Cum
1421 1007 1470 1065 e
1490 983 1921 1092 contrario
1964 1010 2217 1071 nemo
2247 987 2437 1079 velit
2470 985 2621 1074 effe
2676 991 2897 1078 inius

227 1107 378 1174 tus.
399 1087 586 1174 fine
611 1090 978 1202 questu..
999 1095 1146 1182 ·Ea
1177 1097 1292 1182 est
1324 1121 1528 1210 etgo
1557 1099 1886 1206 paterni
1907 1095 2251 1186 affectus
2286 1105 2903 1213 impotentia-..3

223 1222 316 1288 vt
339 1203 586 1291 multi
615 1227 1002 1318 parentes
1026 1212 1172 1321 qui
1196 1235 1419 1295 nunc
1441 1210 1620 1320 filijs
1655 1211 1983 1298 veniam
2015 1209 2497 1304 discesfionis
2522 1219 2657 1328 pie
2699 1242 2898 1316 con:

222 1321 570 1416 cedunt,
589 1323 1111 1431 pertinaciter
1136 1319 1612 1408 obsisterent
1630 1379 1655 1424 ,
1703 1328 1790 1410 ni
1821 1320 2209 1414 frustrale
2234 1329 2707 1440 pertinaciae
2734 1353 2887 1414 no-

223 1457 426 1515 xam
483 1455 576 1514 ac
620 1433 974 1518 dedecus
1019 1439 1594 1526 contracturos
1630 1436 2192 1548 intelligerent
2225 1503 2248 1527 .
2311 1443 2893 1553 Qemadmo·

225 1543 432 1626 dum
461 1566 630 1630 non
649 1549 837 1630 raro
862 1553 1013 1632 hac
1047 1553 1214 1636 νοεῖ
1234 1551 1334 1632 de
1357 1548 1608 1634 causa
1653 1551 2033 1637 omnium
2088 1554 2455 1638 iudicum
2502 1549 2887 1662 suffragijs
3013 1649 3021 1656 ,

226 1655 512 1740 iustitia
533 1655 890 1760 obtinet,
914 1663 1108 1770 quia
1152 1664 1282 1746 vel
1333 1687 1526 1746 cum
1557 1687 2019 1772 paucorum
2054 1661 2528 1748 dissensione
2558 1660 2887 1751 obtine-

215 1786 350 1854 ret
373 1828 394 1853 .
452 1769 842 1856 Iniustitia
875 1779 1096 1860 enim
1119 1777 1538 1860 neminem
1569 1771 1700 1860 sua
1725 1769 1987 1883 specie
2016 1776 2267 1858 allicit
2293 1827 2319 1870 ,
2342 1773 2489 1874 nili
2536 1771 2887 1858 dotem-o

199 1881 514 1968 luceoli
537 1907 892 1970 euentus
917 1885 1269 1972 ostentet
1295 1917 1322 1993 ·,
1385 1890 1498 1972 At
1523 1885 1579 1972 fi
1608 1886 1850 1985 vuius
1875 1887 2166 1972 calculi
2193 1881 2734 1994 discrepantia
2780 1879 2889 1968 la-

213 1997 315 2078 tis
340 1989 656 2082 effetad
679 1995 1570 2107 respondendum‚non
1593 1999 1882 2114 liquet,
1933 2001 2065 2085 vix
2122 2023 2484 2107 vnquam
2529 1991 2719 2082 effet
2764 1997 2883 2082 iu·

218 2107 432 2196 stum
452 2109 677 2196 adeo
698 2134 1084 2222 apertum
1113 2134 1199 2199 vt
1223 2113 1306 2196 in
1335 2138 1641 2223 magno
1665 2115 2037 2200 iudicum
2084 2132 2318 2198 coetu
2359 2111 2755 2220 liqueret.

336 2228 644 2335 Neque
671 2227 878 2310 vero
921 2279 954 2326 ,
995 2246 1086 2316 vt
1125 2228 1548 2316 redordiar
1583 2231 1630 2312 a
1667 2227 1942 2336 primo
1992 2252 2093 2311 ex
2136 2227 2287 2310 illis
2322 2221 2879 2314 incommodis

219 2341 850 2443 quae-numeram
876 2339 1448 2439 ,manantibus
1479 2341 2139 2452 ex-cooptatione
2185 2337 2541 2422 filiorum
2584 2337 2868 2420 inuitis

217 2448 592 2561 patribus
636 2481 661 2556 3
727 2449 781 2540 fi
829 2476 1268 2563 parentum
1337 2454 1508 2553 fine
1579 2452 1748 2544 fine
1817 2452 2399 2546 reluctantium
2466 2447 2873 2532 clamores

216 2559 755 2675 negligunt-¹¹1·
799 2622 828 2667 2
878 2593 1274 2680 magnum
1319 2568 1424 2654 ali
1489 2568 1658 2654 uod
1729 2570 2105 2654 imminet
2174 2563 2880 2685 detrimentum-0.

211 2677 443 2764 Nam
487 2684 569 2764 δι
621 2682 712 2764 hi
753 2683 994 2791 pauci
1043 2687 1386 2770 tandem
1427 2595 1612 2767 {bnt
1655 2679 1742 2764 in
1795 2675 2257 2787 Republica
2300 2726 2328 2771 ‚
2380 2676 2465 2754 δι
2502 2694 2877 2756 omnium

211 2790 556 2877 vocibus
597 2795 1107 2902 reprehensi.
1191 2797 1616 2911 roirca
1661 2793 1796 2878 vel
1853 2792 2025 2875 cito
2086 2810 2280 2911 cum
2332 2777 2507 2913 filijs
2558 2805 2653 2864 ac
2702 2781 2879 2911 50·-

223 2906 522 2990 cietate
561 2907 994 2985 amicitiam
1039 2913 1602 3007 redintegrant
1675 2954 1703 2997 ,
1767 2902 1892 2983 vel
1937 2898 1997 2983 fi
2066 2895 2668 3011 indignationes
2718 2922 2877 2979 im-

223 3006 660 3126 placabiles
699 3006 1484 3107 retinent,nocendi
1529 3008 1752 3117 apud
1793 3010 1990 3095 alios
2028 3010 2599 3093 auctoritatem
2647 3033 2875 3093 nom

201 3125 576 3211 retinent
618 3158 647 3205 a
731 3120 1018 3237 Qare
1061 3119 1428 3205 edentuli
1467 3143 1864 3231 tanquam
1899 3144 2149 3207 canes
2193 3116 2681 3211 innocenter
2730 3120 2879 3230 ¹²·7

211 3260 482 3325 trant.
875 3314 890 3327 .
1161 3297 1173 3309 ·
2684 3298 2692 3306 ·

314 3358 752 3467 Qantum
782 3360 980 3463 vei-d
1007 3356 1310 3470 spestat
1327 3352 1432 3439 ad
1451 3352 1801 3437 alterum
1825 3373 1929 3435 ex
1952 3344 2211 3433 tribus
2238 3344 2493 3443 malis,
2514 3367 2691 3451 quae
2722 3367 2877 3470 nu·

215 3469 536 3553 meraui
558 3526 584 3569 ,
605 3477 765 3557 hoc
790 3476 901 3557 est
929 3475 1033 3558 ad
1056 3468 1511 3581 periculum
1535 3467 1868 3552 leuioris
1891 3457 2363 3548 desertionis
2380 3518 2405 3561 ,
2444 3460 2703 3569 porro
2749 3480 2875 3537 in·

199 3580 386 3691 filijs
417 3584 562 3693 qui
583 3586 1116 3673 constantiam
1139 3580 1354 3671 suam
1380 3582 1593 3665 adeo
1617 3580 2077 3664 luculenter
2096 3571 2871 3698 probauerunt‚non

205 3695 358 3782 nifi
385 3695 866 3808 instequens
897 3699 1194 3785 accidit
1213 3699 1466 3783 animi
1493 3692 2053 3783 commutatio
2074 3750 2095 3773 .
2122 3688 2235 3773 At
2257 3690 2479 3772 enim
2508 3683 2871 3815 aliquan-

214 3811 334 3891 do
359 3813 710 3897 accidit:
773 3814 1086 3897 Verum
1113 3810 1226 3895 est
1253 3872 1278 3915 ,
1303 3806 1438 3893 sed
1455 3814 1951 3919 prouidentiae
1981 3805 2273 3898 nostrae,
2300 3826 2479 3909 quae
2516 3852 2539 3895 ,
2580 3813 2869 3911 mcertfe

161 3986 166 3995 -
180 3924 396 4115 staff
437 3926 632 4009 raris
685 3926 769 4007 δι
840 3922 1514 4036 improbabilibus
1561 3923 1884 4007 euentis
1956 3912 2379 4003 consulere
2438 3931 2867 4021 nuquam,

261 4060 318 4115 o
381 4055 534 4119 unt
555 4094 580 4121 .
2502 4094 2517 4111 .
2618 4062 2628 4074 ·

195 4064 258 4145 Ρ
315 4148 452 4233 Ad
476 4168 938 4235 extremum
967 4173 1062 4237 vt
1091 4152 1196 4238 de
1227 4157 1475 4239 tertio
1495 4152 1788 4253 dicam,
1811 4156 1973 4235 hoc
1999 4146 2109 4233 est
2132 4146 2239 4231 de
2268 4138 2703 4253 suspicione
2736 4164 2869 4256 pas

207 4284 493 4347 rentes
515 4260 961 4349 cohibente
982 4266 1456 4353 acredenda
1493 4264 1730 4348 nobis
1767 4264 2027 4375 prole,
2050 4287 2298 4346 nemo
2343 4256 2487 4368 qui
2518 4257 2870 4344 rationa÷

206 4373 382 4460 bilis
415 4372 656 4461 fuerit
683 4433 708 4477 ,
731 4372 1231 4462 difficilemse
1278 4376 1669 4489 praebebit
1719 4378 1806 4461 in
1859 4374 2035 4483 filijs
2084 4370 2375 4457 nostrae
2424 4336 2863 4494 disciplissoe

198 4490 921 4590 commendandis,
943 4495 1172 4600 quod
1197 4488 1381 4578 sciat
1405 4546 1434 4591 ,
1477 4490 1532 4575 fi
1562 4488 1736 4599 filijs
1757 4488 1922 4575 alte
1968 4510 2217 4599 atque
2239 4475 2862 4592 immutabiliter

200 4602 587 4691 insederit
609 4601 986 4712 religiosa:
1005 4607 1190 4689 vitae
1219 4602 1734 4715 propositum
1763 4657 1790 4699 ,
1815 4603 2044 4689 nullo
2088 4600 2479 4713 temporis
2504 4610 2645 4673 aut
2689 4583 2857 4669 sua-

198 4713 444 4840 sionis
487 4718 1166 4837 machinamento
1194 4714 1546 4837 flexibile
1601 4744 1792 4821 ,eos
1831 4716 2174 4801 tandem
2211 4716 2849 4824 impetraturos.
2921 4749 2925 4751 -
3053 4832 3061 4839 ο

1817 4832 1904 4915 K
2120 4878 2127 4889 .
2559 4810 2805 4927 Qid.
