3858 5729
1084 411 1361 534 Caput
1462 401 1584 496 'X
1654 403 1894 497 xix
1961 405 2084 501 V.
2563 441 2760 526 277
2915 447 2946 495 v

318 540 517 628 salus
546 527 955 654 peccantis
974 533 1339 646 exigeret
1358 589 1384 616 .
1444 532 1649 620 Ideo
1692 557 1877 621 non·
1910 561 2166 644 poena
2186 593 2214 639 ,
2247 533 2382 625 sed
2403 542 2662 642 venia,
2681 544 2896 634 inter

325 647 719 763 Principis
744 646 1135 736 beneficia
1157 650 1285 736 vel
1304 655 1349 732 a
1375 647 1919 756 prudentibus
1943 672 2464 742 numeratur.

444 769 663 854 Cum
697 765 953 874 igitur
976 763 1373 872 irrogatio
1402 783 1671 872 poenae
1694 762 2000 846 malum
2030 764 2324 849 inferat
2357 769 2536 871 reis,
2559 793 2920 884 cumque

292 886 301 894 '
330 877 647 965 nullum
672 876 1041 962 tenacius
1089 873 1449 984 publicae·
1476 868 2106 957 conseruationis
2131 879 2541 966 vinculum
2565 940 2595 985 ,
2613 889 2926 994 quam..-

327 1013 665 1078 mutuus
687 1013 923 1073 amor
946 1043 971 1088 ‚
990 988 1233 1072 alieni
1252 985 1449 1070 boni
1472 987 1817 1070 molitor
1835 1040 1862 1086 ‚
1880 989 2233 1099 malique
2255 991 2634 1104 depulsor
2655 1051 2681 1095 ,
2701 997 2928 1084 haud

232 1104 237 1112 “
328 1127 731 1188 nocenter
759 1102 951 1184 vicit
972 1128 1067 1183 ea
1090 1095 1681 1214 persuafi04que
1704 1099 2398 1190 vltroneosaliorfi
2417 1107 2926 1198 accusatores

339 1237 577 1301 notat
594 1208 1066 1313 int-infamia,
1096 1218 1183 1298 ni
1213 1211 1599 1299 delictum
1623 1231 1766 1294 aut
1792 1211 1982 1320 ipsis
1999 1213 2414 1316 iniurium,
2432 1242 2576 1305 aut
2604 1221 2919 1338 Reipu-

346 1326 571 1412 blicae
601 1327 695 1410 fit
718 1323 1160 1410 exitiosum
1186 1385 1211 1430 ,
1237 1322 1459 1434 quafi
1483 1329 1877 1409 violantes
1900 1325 2226 1412 ciuilem
2259 1333 2470 1418 illam
2498 1336 2924 1421 caritatem

340 1467 503 1548 qua
550 1436 1038 1548 Respublica
1077 1437 1441 1524 constan
1503 1439 1729 1520 Sicut
1768 1443 1984 1523 enim
2013 1445 2288 1528 honor
2307 1445 2640 1554 publica
2661 1445 2774 1532 est
2797 1447 2936 1530 be·

308 1550 582 1636 -nefici
603 1550 981 1636 facinoris
1008 1553 1701 1654 remunerati0,ita
1724 1549 2052 1636 infamia
2066 1553 2484 1663 publicum
2511 1559 2936 1668 quoddam

331 1663 444 1746 est
471 1667 845 1748 nocentis
863 1663 1051 1748 fasti
1072 1662 1541 1774 supplicium
1565 1723 1587 1746 .
1658 1665 1907 1747 Haud
1935 1669 2129 1746 vero
2154 1662 2386 1756 facile
2407 1667 2800 1778 quispiam
2820 1671 2932 1752 ita

313 1783 593 1885 vnquz‘i
619 1798 857 1859 exuet
882 1775 1693 1892 humanosilensuffivt
1712 1771 2034 1862 osorem
2059 1777 2170 1858 sui
2193 1785 2312 1862 n6
2334 1780 2748 1864 existimet.
2776 1790 2925 1866 ho-

320 1890 659 1992 minem,
684 1890 829 1998 qui
855 1893 1079 1974 nulla
1102 1890 1393 1974 iniuria
1414 1883 1809 1976 laceffitus
1828 1948 1854 1992 ,
1882 1893 2100 1971 nulla
2124 1890 2425 2000 publici
2453 1890 2920 1978 discriminis

320 2005 750 2086 auertendi
792 2003 1184 2110 religione
1228 2001 1693 2114 compulsus
1720 2061 1743 2102 ,
1786 2003 2100 2085 crimen
2150 1998 2384 2090 suum
2423 2005 2640 2088 vltro
2665 2004 2914 2090 iudici

320 2115 595 2226 prodit
618 2169 643 2214 ,
668 2111 975 2224 {ibique
1002 2116 1587 2224 publicationes
1623 2115 2066 2212 bonorum,
2091 2115 2350 2218 exilia,
2361 2117 2930 2224 relegationes‚

320 2247 761 2324 tormenta,
782 2231 1085 2330 caedem
1106 2231 1649 2312 machinatur.
1708 2226 1909 2312 Haec
1935 2225 2038 2306 de
2068 2224 2459 2312 vltroneis
2485 2231 2926 2312 criminum

326 2338 1094 2426 denunciationibus
1117 2342 1497 2428 vniuerse
1522 2335 2096 2446 disputauerim
2119 2397 2142 2420 .
2205 2345 2323 2426 At
2346 2341 2596 2448 longe
2615 2343 2776 2428 alia
2805 2365 2932 2424 ra·

327 2455 450 2536 tio
472 2449 685 2538 estin
715 2460 949 2540 causa
999 2481 1251 2566 quam
1282 2479 1527 2538 tueor
1547 2516 1569 2539 .
1629 2457 1964 2562 Nempe
1987 2505 2014 2548 ,
2057 2477 2250 2535 cum
2281 2451 2774 2538 maleficium
2793 2453 2944 2534 mi·

326 2567 557 2652 nime
580 2563 993 2676 spargatur
1010 2570 1097 2650 in
1128 2567 1415 2672 vulgus
1438 2617 1469 2658 ‚
1487 2561 1621 2646 sed
1649 2567 1789 2646 vni
1808 2583 2138 2645 tantum
2161 2565 2568 2645 indicetur
2595 2615 2621 2659 ,
2644 2566 2938 2668 eiquo

334 2683 504 2777 vni,
588 2705 775 2762 uem
802 2701 895 2756 tu
921 2679 1283 2782 parentis
1307 2677 1500 2751 loco
1522 2667 1884 2772 delegisti
1911 2721 1935 2762 ,
1962 2673 2272 2774 quique
2291 2672 2563 2755 arcani
2591 2669 2733 2752 fibi
2758 2694 2936 2755 cre-

336 2791 483 2873 diti
514 2705 1016 2891 &ligatione
1046 2799 1453 2877 teneatur,
1485 2777 1923 2862 interdicto
1945 2775 2082 2860 fibi
2107 2803 2556 2891 quocumq.
2579 2779 2707 2866 vsu
2733 2783 2940 2873 illius

332 2898 651 2983 notitiae
680 2918 1216 3005 praeterquam
1239 2896 1319 2978 in
1344 2890 1675 2979 lalutem
1696 2913 1920 2975 tuam
1954 2950 1976 2992 ‚
2006 2893 2138 2975 cui
2166 2915 2288 2992 tu,
2304 2895 2502 2978 dum
2531 2897 2738 2979 viam
2761 2920 2942 3007 per-

336 3007 557 3099 fessae
586 3011 901 3095 virtutis
923 3005 1617 3118 compendiariam
1644 3002 2030 3115 ingressus
2057 3030 2138 3089 es
2160 3058 2192 3102 ‚
2217 3010 2494 3093 omnia
2515 3030 2654 3091 tua
2679 3018 2934 3119 quan·

332 3126 810 3231 documque
864 3117 1287 3206 reseranda
1330 3144 1499 3202 non
1550 3118 1895 3202 abnuisti
1920 3149 1948 3223 ·,
2007 3122 2461 3205 Enimuero
2505 3122 2940 3207 delicatior

324 3236 569 3325 fueris
596 3236 677 3338 si,
709 3263 903 3321 cum
927 3235 1011 3317 id
1038 3232 1247 3318 lbrte
1280 3230 1684 3315 resciueris
1716 3278 1743 3324 ‚
1766 3232 2434 3321 renunciatorem
2462 3236 2678 3321 inter
2699 3238 2946 3321 male.

324 3348 529 3435 ficos
554 3344 962 3437 auct-seris.
1020 3348 1285 3433 Porro
1304 3344 1717 3428 Maximus
1738 3341 1871 3423 ille
1897 3342 2524 3427 concelebratur
2546 3350 2942 3455 quoniam

324 3486 504 3547 non
563 3460 923 3573 ponebat
986 3484 1359 3545 rumores
1400 3478 1593 3541 ante
1618 3451 2003 3540 {alutemt
2045 3452 2140 3539 tu
2205 3456 2407 3539 vero
2445 3484 2618 3539 non
2667 3485 2949 3541 rumo-

320 3601 448 3661 res
469 3624 499 3669 ‚
548 3572 683 3660 sed
730 3574 1109 3657 voculam
1164 3570 1731 3654 existimationi
1769 3580 1929 3651 titae
1969 3562 2524 3654 subaduer-fitm
2566 3566 2784 3654 adeo
2809 3592 2949 3653 ex·

300 3689 815 3787 'horrebis,vt
838 3711 989 3796 per
1012 3686 1385 3768 eamdem
1413 3682 1785 3790 quamuis
1821 3678 1966 3763 tibi
1995 3676 2416 3765 fitlutarem
2465 3679 2662 3765 caedi
2690 3704 2774 3765 te
2848 3708 2944 3768 ac

326 3798 648 3889 sauciari
678 3798 1249 3885 existimauetis
1272 3855 1295 3880 .
1342 3794 1724 3879 Hominis
1744 3802 1905 3879 hoc
1928 3791 2122 3879 elset
2141 3788 2586 3905 religiosam
2616 3791 2940 3880 submis·
2985 3896 2990 3899 ‚

322 3912 635 3999 fionem
660 3938 829 3998 non
866 3910 1363 4022 profitentiS,
1396 3902 1529 3990 sed
1552 3904 1994 4013 auersantis
2021 3968 2044 3991 .

444 4028 697 4111 Haud
722 4050 921 4129 ergo
942 4029 1074 4108 hic
1095 4026 1383 4107 attinet
1404 4020 1711 4127 agitare
1733 4021 2268 4129 quaestionem
2295 4018 2516 4107 illam
2547 4049 2570 4103 τ
2623 4028 2934 4110 Vtrum

331 4158 507 4224 rata
528 4157 778 4245 queat
802 4131 951 4216 effe
972 4134 1387 4216 abdicatio
1404 4137 1595 4219 iuris
1610 4134 1695 4217 in
1723 4138 2057 4243 propria
2085 4130 2292 4217 fama
2318 4195 2342 4218 .
2404 4136 2496 4216 ld
2539 4136 2936 4241 quidem„

326 4255 377 4337 ὲ
406 4244 661 4365 pletis
704 4247 1271 4352 ueTheologis
1290 4246 1795 4337 affirmatur,
1842 4270 2202 4355 quorum
2238 4244 2716 4331 sententiam
2753 4272 2946 4360 pru·

327 4364 625 4448 denter
681 4368 873 4470 equi
920 4357 1193 4465 potuit
1248 4360 1605 4466 ignatius
1639 4360 1671 4462 ·,‘
1706 4356 1831 4443 sed
1860 4380 2258 4466 praetereo
2285 4364 2498 4441 hanc
2523 4358 2932 4443 defenfio-
3007 4396 3014 4403 ·

302 4484 519 4563 'nem
544 4471 1643 4583 regulae'nostraetalialonge
1688 4473 2005 4581 planior
2043 4470 2150 4556 ad
2203 4498 2545 4555 manum
2580 4471 2724 4556 est.
2791 4477 2942 4553 Ea-

324 4592 514 4675 dem
538 4615 643 4672 ne
674 4584 850 4673 sunt
882 4646 907 4689 ‚
930 4584 1233 4697 famam
1262 4586 1631 4669 vniuerse
1654 4582 2094 4694 prodigere
2133 4642 2156 4682 ‚
2183 4586 2306 4667 vel
2337 4586 2686 4691 aliquam
2711 4582 2942 4665 famae

316 4703 809 4811 particulam
828 4703 914 4787 in
936 4698 1356 4815 propriam
1382 4694 2274 4807 salutemimpendere?
2307 4698 2749 4781 Interdicet
2785 4720 2938 4781 nea
3067 4772 3076 4781 .

2627 4806 2836 4889 mihi
